-------------------------------------------------------------------------------
Software
-------------------------------------------------------------------------------

@electronic{www:reg-agentes,
	title         = "Reglamento de agentes de seguros y de fianzas",
	url           = "http://www.cnsf.gob.mx/Normativa/Leyes%20y%20Reglamentos/Reglamento%20de%20Agentes%20de%20Seguros%20y%20de%20Fianzas%20versi%C3%B3n%2030-jul-2004.pdf",
	year = 2018,
	note = "[Accessed: 26 May 2018]"
},

@electronic{www:sicas,
	title         = "SICAS Online",
	url           = "http://www.sicasonline.net/index.html",
	year          = "2018",
	note = "[Accessed: 26 May 2018]"
},

@electronic{www:insly,
	title         = "Insly - Insurance Broker Software",
	url           = "https://www.insly.com",
	year          = "2018",
	note = "[Accessed: 26 May 2018]"
},

@electronic{www:asesorestic,
	title         = "Software para Administracion de Polizas de Seguros",
	url           = "http://asesorestic.com/software-2/administracion-de-seguros/",
	year          = "2018",
	note = "[Accessed: 26 May 2018]"
},
